<record><leader>00000cas a22000007a 4500</leader><controlfield tag="001">31720750</controlfield><controlfield tag="008">941220d19531955nyuwr ne      0    0eng d</controlfield><datafield ind1=" " ind2=" " tag="010"><subfield code="a">sn 94061066 </subfield></datafield><datafield ind1=" " ind2=" " tag="040"><subfield code="a">NYS</subfield><subfield code="b">eng</subfield><subfield code="c">NYS</subfield><subfield code="d">OCLCQ</subfield><subfield code="d">OCLCF</subfield><subfield code="d">OCLCO</subfield></datafield><datafield ind1="1" ind2=" " tag="029"><subfield code="a">AU@</subfield><subfield code="b">000012084933</subfield></datafield><datafield ind1=" " ind2=" " tag="042"><subfield code="a">msc</subfield></datafield><datafield ind1=" " ind2=" " tag="043"><subfield code="a">n-us-ny</subfield></datafield><datafield ind1="0" ind2=" " tag="130"><subfield code="a">Record and pilot (Glen Cove, N.Y. : City ed.)</subfield></datafield><datafield ind1="1" ind2="0" tag="245"><subfield code="a">Record and pilot.</subfield></datafield><datafield ind1="1" ind2="3" tag="246"><subfield code="a">Sea Cliff news</subfield><subfield code="f">1953-&lt;1954&gt;</subfield></datafield><datafield ind1="1" ind2="3" tag="246"><subfield code="a">East Norwich enterprise</subfield><subfield code="f">1953-&lt;1954&gt;</subfield></datafield><datafield ind1=" " ind2=" " tag="250"><subfield code="a">City ed.</subfield></datafield><datafield ind1=" " ind2=" " tag="260"><subfield code="a">Glen Cove, N.Y. :</subfield><subfield code="b">Griscom Publications</subfield></datafield><datafield ind1=" " ind2=" " tag="300"><subfield code="a">3 v.</subfield></datafield><datafield ind1=" " ind2=" " tag="310"><subfield code="a">Weekly</subfield></datafield><datafield ind1="0" ind2=" " tag="362"><subfield code="a">Vol. 74, no. 26 (Mar. 12, 1953)-v. 76, no. 11 (Nov. 17, 1955).</subfield></datafield><datafield ind1=" " ind2=" " tag="580"><subfield code="a">Oyster Bay ed: Record and pilot (Oyster Bay, N.Y.).</subfield></datafield><datafield ind1=" " ind2="0" tag="651"><subfield code="a">Glen Cove (N.Y.)</subfield><subfield code="v">Newspapers.</subfield></datafield><datafield ind1=" " ind2="0" tag="651"><subfield code="a">Sea Cliff (N.Y.)</subfield><subfield code="v">Newspapers.</subfield></datafield><datafield ind1=" " ind2="0" tag="651"><subfield code="a">Nassau County (N.Y.)</subfield><subfield code="v">Newspapers.</subfield></datafield><datafield ind1=" " ind2="4" tag="651"><subfield code="a">East Norwich (N.Y.)</subfield><subfield code="v">Newspapers.</subfield></datafield><datafield ind1=" " ind2="7" tag="655"><subfield code="a">Newspapers.</subfield><subfield code="2">fast</subfield><subfield code="0">(OCoLC)fst01423814</subfield></datafield><datafield ind1=" " ind2="7" tag="651"><subfield code="a">New York (State)</subfield><subfield code="z">Glen Cove.</subfield><subfield code="2">fast</subfield><subfield code="0">(OCoLC)fst01223314</subfield></datafield><datafield ind1=" " ind2="7" tag="651"><subfield code="a">New York (State)</subfield><subfield code="z">Nassau County.</subfield><subfield code="2">fast</subfield><subfield code="0">(OCoLC)fst01205518</subfield></datafield><datafield ind1=" " ind2="7" tag="651"><subfield code="a">New York (State)</subfield><subfield code="z">Sea Cliff.</subfield><subfield code="2">fast</subfield><subfield code="0">(OCoLC)fst01231462</subfield></datafield><datafield ind1=" " ind2=" " tag="752"><subfield code="a">United States</subfield><subfield code="b">New York</subfield><subfield code="c">Nassau</subfield><subfield code="d">Glen Cove.</subfield></datafield><datafield ind1="1" ind2=" " tag="775"><subfield code="t">Record and pilot (Oyster Bay, N.Y.)</subfield><subfield code="w">(DLC)sn 94061068</subfield><subfield code="w">(OCoLC)31702824</subfield></datafield><datafield ind1="0" ind2="0" tag="780"><subfield code="t">Glen Cove record and Oyster Bay pilot (Glen Cove, N.Y.)</subfield><subfield code="w">(DLC)sn 94061065</subfield><subfield code="w">(OCoLC)31729704</subfield></datafield><datafield ind1="0" ind2="7" tag="785"><subfield code="t">Record and pilot (Oyster Bay, N.Y.)</subfield><subfield code="w">(DLC)sn 94061068</subfield><subfield code="w">(OCoLC)31702824</subfield></datafield><datafield ind1="0" ind2="7" tag="785"><subfield code="t">Record and pilot (Glen Cove, N.Y. : Combined ed.)</subfield><subfield code="w">(DLC)sn 95071435</subfield><subfield code="w">(OCoLC)33393937</subfield></datafield></record>